% This file was created with Citavi 6.4.0.35

@misc{Test2020,
 author = {Test},
 editor = {Test},
 year = {2020},
 title = {Test}
}


